@book{Dolan2017,
author = {Dolan, T.},
publisher = {Woodhead Publishing},
title = {{Molten Salt Reactors and Thorium Energy}},
year = {2017}
}

@article{Serp2014,
author = {Serp, J. and Allibert, M. and Bene{\v{s}}, O. and Delpech, S. and Feynberg, O. and Ghetta, V. and Heuer, D. and Holcomb, D. and Ignatiev, V. and Kloosterman, J. and Luzzi, L. and Merle-Lucotte, E. and Uhl{\'{i}}Å™, J. and Yoshioka, R. and Zhimin, D.},
journal = {Progress in Nuclear Energy},
pages = {308--319},
title = {{The Molten Salt Reactor (MSR) in Generation IV: Overview and Perspectives}},
volume = {77},
year = {2014}
}
